@book{Autor2020,
  author    = {Apellido, Nombre},
  title     = {Título del libro},
  year      = {2020},
  publisher = {Editorial},
}
@book{Perissé2019,
  author    = {Perissé, Marcelo Claudio},
  title     = {Informes científicos y técnicos: detalles para su elaboración
},
  year      = {2019},
  publisher = {Ciencia y Técnica Administrativa},
}
@article{OtroAutor2021,
  author    = {Otro Apellido, Otro Nombre},
  title     = {Título del artículo},
  journal   = {Nombre de la revista},
  year      = {2021},
  volume    = {10},
  number    = {2},
  pages     = {100-120},
  doi       = {10.0000/exampledoi}
}
@misc{ChatGPT2025,
  author = {OpenAI ChatGPT},
  year = {2025},
  title = {Asistencia en el desarrollo de informes técnicos en LaTeX},
  howpublished = {Asistencia interactiva en línea},
  note = {Consulta realizada el 20 de febrero de 2025}
}